<?xml version="1.0" encoding="UTF-8" ?>
<collection xmlns:xsi="http://www.w3.org/2001/XMLSchema-instance"
    xsi:schemaLocation="http://www.loc.gov/MARC21/slim
        http://www.loc.gov/standards/marcxml/schema/MARC21slim.xsd"
    xmlns="http://www.loc.gov/MARC21/slim">
<record>
  <leader>00442cam a2200937 ia4500</leader>
  <controlfield tag="001">b12630184</controlfield>
  <controlfield tag="003">LeBAU</controlfield>
  <controlfield tag="005">20140710</controlfield>
  <controlfield tag="008">970904s1908    ua            ||0 0 ara d</controlfield>
  <datafield tag="035" ind1=" " ind2=" ">
    <subfield code="a">ocn784434594</subfield>
  </datafield>
  <datafield tag="040" ind1=" " ind2=" ">
    <subfield code="a">LEAUB</subfield>
    <subfield code="b">ara</subfield>
    <subfield code="e">rda</subfield>
    <subfield code="c">LEAUB</subfield>
    <subfield code="d">LEAUB</subfield>
  </datafield>
  <datafield tag="082" ind1="0" ind2="4">
    <subfield code="a">909</subfield>
    <subfield code="2">22</subfield>
  </datafield>
  <datafield tag="100" ind1="0" ind2=" ">
    <subfield code="6">880-01</subfield>
    <subfield code="a">Ṭabarī,</subfield>
    <subfield code="d">838?-923,</subfield>
    <subfield code="e">author.</subfield>
  </datafield>
  <datafield tag="240" ind1="1" ind2="0">
    <subfield code="6">880-02</subfield>
    <subfield code="a">Tārīkh al-Ṭabarī</subfield>
  </datafield>
  <datafield tag="245" ind1="1" ind2="0">
    <subfield code="6">880-03</subfield>
    <subfield code="a">Tārīkh al-umam wa-al-mulūk /</subfield>
    <subfield code="c">li-Abī Jaʻfar Muḥammad ibn Jarīr al-Tạbarī.</subfield>
  </datafield>
  <datafield tag="246" ind1="3" ind2=" ">
    <subfield code="a">Tārīkh al-rusul wa-al-mulūk</subfield>
  </datafield>
  <datafield tag="246" ind1="3" ind2="3">
    <subfield code="6">880-04</subfield>
    <subfield code="a">تاريخ الرسل والملوك</subfield>
  </datafield>
  <datafield tag="250" ind1=" " ind2=" ">
    <subfield code="6">880-05</subfield>
    <subfield code="a">al-Ṭab‘ah al-ūlá.</subfield>
  </datafield>
  <datafield tag="264" ind1=" " ind2="1">
    <subfield code="6">880-06</subfield>
    <subfield code="a">[Miṣr] :</subfield>
    <subfield code="b">al-Maṭbaʻah al-Husaynīyah al-Miṣrīyah,</subfield>
    <subfield code="c">1326 H., [1908 M.]</subfield>
  </datafield>
  <datafield tag="300" ind1=" " ind2=" ">
    <subfield code="6">880-07</subfield>
    <subfield code="a">5 volumes ;</subfield>
    <subfield code="c">27 cm</subfield>
  </datafield>
  <datafield tag="336" ind1=" " ind2=" ">
    <subfield code="a">text</subfield>
    <subfield code="b">txt</subfield>
    <subfield code="2">rdacontent</subfield>
  </datafield>
  <datafield tag="337" ind1=" " ind2=" ">
    <subfield code="a">unmediated</subfield>
    <subfield code="b">n</subfield>
    <subfield code="2">rdamedia</subfield>
  </datafield>
  <datafield tag="338" ind1=" " ind2=" ">
    <subfield code="a">volume</subfield>
    <subfield code="b">nc</subfield>
    <subfield code="2">rdacarrier</subfield>
  </datafield>
  <datafield tag="500" ind1=" " ind2=" ">
    <subfield code="a">13 جزء ببليوغرافي في 5 أجزاء مادية.</subfield>
  </datafield>
  <datafield tag="500" ind1=" " ind2=" ">
    <subfield code="a">النسختان الثانية والثالثة: 13 جزء ببليوغرافي في 6 أجزاء مادية.</subfield>
  </datafield>
  <datafield tag="500" ind1=" " ind2=" ">
    <subfield code="a">"على نفقة السيد محمد عبد اللطيف الخطيب وشركاه."</subfield>
  </datafield>
  <datafield tag="505" ind1="0" ind2="0">
    <subfield code="t">تاريخ الأمم والملوك:</subfield>
    <subfield code="g">الجزء الثاني عشر.</subfield>
    <subfield code="t">صلة تاريخ الطبري /</subfield>
    <subfield code="r">عريب بن سعد القرطبي --</subfield>
    <subfield code="g">الجزء الثالث عشر.</subfield>
    <subfield code="t">المنتخب من كتاب ذيل المذيل من تاريخ الصحابة والتابعين /</subfield>
    <subfield code="r">أبي جعفر محمد بن جرير بن يزيد الطبري.</subfield>
  </datafield>
  <datafield tag="590" ind1=" " ind2=" ">
    <subfield code="a">النسخة الأولى: صفحة عنوان الأجزاء  1، 4، 9، 11 مصورة؛ النسخة الثانية: صفحة عنوان الجزء 2 مصورة؛ النسخة الثالثة: صفحة عنوان الأجزاء 2، 7 مصورة.</subfield>
  </datafield>
  <datafield tag="650" ind1=" " ind2="4">
    <subfield code="a">تاريخ العالم</subfield>
    <subfield code="v">اعمال قديمة حتى 1800.</subfield>
  </datafield>
  <datafield tag="650" ind1=" " ind2="4">
    <subfield code="a">الفقهاء</subfield>
    <subfield code="v">تراجم</subfield>
    <subfield code="v">اعمال قديمة حتى 1800.</subfield>
  </datafield>
  <datafield tag="650" ind1=" " ind2="0">
    <subfield code="a">World history</subfield>
    <subfield code="v">Early works to 1800.</subfield>
  </datafield>
  <datafield tag="650" ind1=" " ind2="0">
    <subfield code="a">Muslim scholars</subfield>
    <subfield code="v">Biography</subfield>
    <subfield code="v">Early works to 1800.</subfield>
  </datafield>
  <datafield tag="651" ind1=" " ind2="4">
    <subfield code="a">الامبراطورية الاسلامية</subfield>
    <subfield code="x">تاريخ</subfield>
    <subfield code="v">اعمال قديمة حتى 1800.</subfield>
  </datafield>
  <datafield tag="651" ind1=" " ind2="4">
    <subfield code="a">الشرق</subfield>
    <subfield code="x">تاريخ.</subfield>
  </datafield>
  <datafield tag="651" ind1=" " ind2="0">
    <subfield code="a">Islamic Empire</subfield>
    <subfield code="x">History</subfield>
    <subfield code="v">Early works to 1800.</subfield>
  </datafield>
  <datafield tag="651" ind1=" " ind2="0">
    <subfield code="a">Orient</subfield>
    <subfield code="x">History.</subfield>
  </datafield>
  <datafield tag="774" ind1="0" ind2=" ">
    <subfield code="6">880-08</subfield>
    <subfield code="a">ʻArīb ibn Saʻd, -979 or 980.</subfield>
    <subfield code="t">Ṣilat tārīkh al-Ṭabarī.</subfield>
  </datafield>
  <datafield tag="774" ind1="0" ind2=" ">
    <subfield code="6">880-09</subfield>
    <subfield code="a">Ṭabarī, 838?-923.</subfield>
    <subfield code="t">Muntakhab min kitāb dhayl al-mudhayyal.</subfield>
  </datafield>
  <datafield tag="775" ind1="0" ind2=" ">
    <subfield code="6">880-10</subfield>
    <subfield code="t">Tārīkh al-umam wa-al-mulūk</subfield>
    <subfield code="d">al-Qāhirah : Maṭba‘at al-Istiqāmah, 1939</subfield>
    <subfield code="w">(OCoLC)784434591</subfield>
    <subfield code="w">(OCoLC)784434591</subfield>
  </datafield>
  <datafield tag="775" ind1="0" ind2=" ">
    <subfield code="6">880-11</subfield>
    <subfield code="t">Tārīkh al-rusul wa-al-mulūk</subfield>
    <subfield code="d">Līdin : Maṭba‘at Brīl, [1879-1901]</subfield>
    <subfield code="w">(OCoLC)784434600</subfield>
    <subfield code="w">(OCoLC)784434600</subfield>
  </datafield>
  <datafield tag="775" ind1="0" ind2=" ">
    <subfield code="6">880-12</subfield>
    <subfield code="t">Tārīkh al-rusul wa-al-mulūk</subfield>
    <subfield code="d">Lugd Bat : Brill، 1964</subfield>
    <subfield code="w">(OCoLC)784525292</subfield>
    <subfield code="w">(OCoLC)784525292</subfield>
  </datafield>
  <datafield tag="775" ind1="0" ind2=" ">
    <subfield code="6">880-13</subfield>
    <subfield code="t">Tārīkh al-rusul wa-al-mulūk</subfield>
    <subfield code="d">Ghrāysfāld : Irnist Mūrīs, [1831]</subfield>
    <subfield code="w">(OCoLC)784510224</subfield>
    <subfield code="w">(OCoLC)784510224</subfield>
  </datafield>
  <datafield tag="775" ind1="0" ind2=" ">
    <subfield code="6">880-14</subfield>
    <subfield code="t">Tārīkh al-rusul wa-al-mulūk</subfield>
    <subfield code="d">Bayrūt : Maktabat Khayyāṭ, 1965</subfield>
    <subfield code="w">(OCoLC)784519812</subfield>
    <subfield code="w">(OCoLC)784519812</subfield>
  </datafield>
  <datafield tag="775" ind1="0" ind2=" ">
    <subfield code="6">880-15</subfield>
    <subfield code="t">Tārīkh al-Ṭabarī.</subfield>
    <subfield code="b">al-Ṭab‘ah al-thānīyah</subfield>
    <subfield code="d">Bayrūt : Dār al-Kutub al-‘Ilmīyah, 1988</subfield>
    <subfield code="w">(OCoLC)784510784</subfield>
    <subfield code="w">(OCoLC)784510784</subfield>
  </datafield>
  <datafield tag="775" ind1="0" ind2=" ">
    <subfield code="6">880-16</subfield>
    <subfield code="t">Tārīkh al-Ṭabarī</subfield>
    <subfield code="d">al-Qāhirah : Dār al-Ma‘ārif, 1960-1968</subfield>
    <subfield code="w">(OCoLC)784434588</subfield>
    <subfield code="w">(OCoLC)784434588</subfield>
  </datafield>
  <datafield tag="852" ind1=" " ind2=" ">
    <subfield code="a">Jafet Library</subfield>
    <subfield code="e">American University of Beirut, Bliss Street , Beirut, Lebanon.</subfield>
  </datafield>
  <datafield tag="880" ind1="1" ind2=" ">
    <subfield code="6">100-01/(3/r</subfield>
    <subfield code="a">الطبري،</subfield>
    <subfield code="d">838؟-923،</subfield>
    <subfield code="e">مؤلف. </subfield>
    <subfield code="4">aut.</subfield>
  </datafield>
  <datafield tag="880" ind1="1" ind2="0">
    <subfield code="6">240-02/(3/r</subfield>
    <subfield code="a">تاريخ الطبري</subfield>
  </datafield>
  <datafield tag="880" ind1="1" ind2="0">
    <subfield code="6">245-03/(3/r</subfield>
    <subfield code="a">تاريخ الامم و الملوك /</subfield>
    <subfield code="c">لأبي جعفر محمد بن جرير الطبري.</subfield>
  </datafield>
  <datafield tag="880" ind1="3" ind2="3">
    <subfield code="6">246-04/(3/r</subfield>
    <subfield code="a">Tārīkh al-rusul wa-al-mulūk</subfield>
  </datafield>
  <datafield tag="880" ind1=" " ind2=" ">
    <subfield code="6">250-05/(3/r</subfield>
    <subfield code="a">الطبعة الأولى.</subfield>
  </datafield>
  <datafield tag="880" ind1=" " ind2="1">
    <subfield code="6">264-06/(3/r</subfield>
    <subfield code="a">[مصر] :</subfield>
    <subfield code="b">المطبعة الحسينية المصرية،</subfield>
    <subfield code="c">1326 هـ.، [1908 م.]</subfield>
  </datafield>
  <datafield tag="880" ind1=" " ind2=" ">
    <subfield code="6">300-07/(3/r</subfield>
    <subfield code="a">5 أجزاء ؛</subfield>
    <subfield code="c">27 سم</subfield>
  </datafield>
  <datafield tag="880" ind1="0" ind2=" ">
    <subfield code="6">774-08/(3/r</subfield>
    <subfield code="a">عريب بن سعد، -979 أو 980.</subfield>
    <subfield code="t">صلة تاريخ الطبري.</subfield>
  </datafield>
  <datafield tag="880" ind1="0" ind2=" ">
    <subfield code="6">774-09/(3/r</subfield>
    <subfield code="a">الطبري، 838؟-923.</subfield>
    <subfield code="t">المنتخب من كتاب ذيل المذيل.</subfield>
  </datafield>
  <datafield tag="880" ind1="0" ind2=" ">
    <subfield code="6">775-10/(3/r</subfield>
    <subfield code="t">تاريخ الأمم والملوك</subfield>
    <subfield code="d">القاهرة : مطبعة الإستقامة، 1939</subfield>
    <subfield code="w">b12630159</subfield>
    <subfield code="w">(OCoLC)784434591</subfield>
  </datafield>
  <datafield tag="880" ind1="0" ind2=" ">
    <subfield code="6">775-11/(3/r</subfield>
    <subfield code="t">تاريخ الرسل والملوك</subfield>
    <subfield code="d">ليدن : مطبعة بريل، [1879-1901]</subfield>
    <subfield code="w">b1263024x</subfield>
    <subfield code="w">(OCoLC)784434600</subfield>
  </datafield>
  <datafield tag="880" ind1="0" ind2=" ">
    <subfield code="6">775-12/(3/r</subfield>
    <subfield code="t">تاريخ الرسل والملوك</subfield>
    <subfield code="d">Lugd Bat : Brill، 1964</subfield>
    <subfield code="w">b12870080</subfield>
    <subfield code="w">(OCoLC)784525292</subfield>
  </datafield>
  <datafield tag="880" ind1="0" ind2=" ">
    <subfield code="6">775-13/(3/r</subfield>
    <subfield code="t">تاريخ الرسل والملوك</subfield>
    <subfield code="d">غرايفسفالد : ارنست موريس، [1831]</subfield>
    <subfield code="w">b12774583</subfield>
    <subfield code="w">(OCoLC)784510224</subfield>
  </datafield>
  <datafield tag="880" ind1="0" ind2=" ">
    <subfield code="6">775-14/(3/r</subfield>
    <subfield code="t">تاريخ الرسل والملوك</subfield>
    <subfield code="d">بيروت : مكتبة خياط، 1965</subfield>
    <subfield code="w">b12831657</subfield>
    <subfield code="w">(OCoLC)784519812</subfield>
  </datafield>
  <datafield tag="880" ind1="0" ind2=" ">
    <subfield code="6">775-15/(3/r</subfield>
    <subfield code="t">تاريخ الطبري.</subfield>
    <subfield code="b">الطبعة الثانية</subfield>
    <subfield code="d">بيروت : دار الكتب العلمية، 1988</subfield>
    <subfield code="w">b12775344</subfield>
    <subfield code="w">(OCoLC)784510784</subfield>
  </datafield>
  <datafield tag="880" ind1="0" ind2=" ">
    <subfield code="6">775-16/(3/r</subfield>
    <subfield code="t">تاريخ الطبري</subfield>
    <subfield code="d">القاهرة : دار المعارف، 1960-1968</subfield>
    <subfield code="w">b12630123</subfield>
    <subfield code="w">(OCoLC)784434588</subfield>
  </datafield>
  <datafield tag="907" ind1=" " ind2=" ">
    <subfield code="a">.b12630184</subfield>
    <subfield code="b">17-01-10</subfield>
    <subfield code="c">11-05-24</subfield>
  </datafield>
  <datafield tag="907" ind1=" " ind2=" ">
    <subfield code="a">.b12630184</subfield>
    <subfield code="b">15-10-15</subfield>
    <subfield code="c">11-05-24</subfield>
  </datafield>
  <datafield tag="945" ind1=" " ind2=" ">
    <subfield code="f">J</subfield>
    <subfield code="a">909:T11tA:v.1-2:c.2</subfield>
    <subfield code="i">01048918</subfield>
    <subfield code="j">.i13153274</subfield>
    <subfield code="l">u0503</subfield>
  </datafield>
  <datafield tag="945" ind1=" " ind2=" ">
    <subfield code="f">J</subfield>
    <subfield code="a">909:T11tA:v.1-2:c.3</subfield>
    <subfield code="i">01048919</subfield>
    <subfield code="j">.i13153286</subfield>
    <subfield code="l">u0503</subfield>
  </datafield>
  <datafield tag="945" ind1=" " ind2=" ">
    <subfield code="f">J</subfield>
    <subfield code="a">909:T11tA:v.1-3:c.1</subfield>
    <subfield code="i">01048920</subfield>
    <subfield code="j">.i13153298</subfield>
    <subfield code="l">u0503</subfield>
  </datafield>
  <datafield tag="945" ind1=" " ind2=" ">
    <subfield code="f">J</subfield>
    <subfield code="a">909:T11tA:v.3-4:c.3</subfield>
    <subfield code="i">01048921</subfield>
    <subfield code="j">.i13153304</subfield>
    <subfield code="l">u0503</subfield>
  </datafield>
  <datafield tag="945" ind1=" " ind2=" ">
    <subfield code="f">J</subfield>
    <subfield code="a">909:T11tA:v.4-6:c.1</subfield>
    <subfield code="i">01048922</subfield>
    <subfield code="j">.i13153316</subfield>
    <subfield code="l">u0503</subfield>
  </datafield>
  <datafield tag="945" ind1=" " ind2=" ">
    <subfield code="f">J</subfield>
    <subfield code="a">909:T11tA:v.5-6:c.2</subfield>
    <subfield code="i">01048923</subfield>
    <subfield code="j">.i13153328</subfield>
    <subfield code="l">u0503</subfield>
  </datafield>
  <datafield tag="945" ind1=" " ind2=" ">
    <subfield code="f">J</subfield>
    <subfield code="a">909:T11tA:v.5-6:c.3</subfield>
    <subfield code="i">01048924</subfield>
    <subfield code="j">.i1315333x</subfield>
    <subfield code="l">u0503</subfield>
  </datafield>
  <datafield tag="945" ind1=" " ind2=" ">
    <subfield code="f">J</subfield>
    <subfield code="a">909:T11tA:v.7-8:c.1</subfield>
    <subfield code="i">01048925</subfield>
    <subfield code="j">.i13153341</subfield>
    <subfield code="l">u0503</subfield>
  </datafield>
  <datafield tag="945" ind1=" " ind2=" ">
    <subfield code="f">J</subfield>
    <subfield code="a">909:T11tA:v.7-8:c.2</subfield>
    <subfield code="i">01048926</subfield>
    <subfield code="j">.i13153353</subfield>
    <subfield code="l">u0503</subfield>
  </datafield>
  <datafield tag="945" ind1=" " ind2=" ">
    <subfield code="f">J</subfield>
    <subfield code="a">909:T11tA:v.7-8:c.3</subfield>
    <subfield code="i">01048927</subfield>
    <subfield code="j">.i13153365</subfield>
    <subfield code="l">u0503</subfield>
  </datafield>
  <datafield tag="945" ind1=" " ind2=" ">
    <subfield code="f">J</subfield>
    <subfield code="a">909:T11tA:v.9-10:c.1</subfield>
    <subfield code="i">01048929</subfield>
    <subfield code="j">.i13153377</subfield>
    <subfield code="l">u0503</subfield>
  </datafield>
  <datafield tag="945" ind1=" " ind2=" ">
    <subfield code="f">J</subfield>
    <subfield code="a">909:T11tA:v.9-10:c.2</subfield>
    <subfield code="i">01048931</subfield>
    <subfield code="j">.i13153389</subfield>
    <subfield code="l">u0503</subfield>
  </datafield>
  <datafield tag="945" ind1=" " ind2=" ">
    <subfield code="f">J</subfield>
    <subfield code="a">909:T11tA:v.9-10:c.3</subfield>
    <subfield code="i">01048933</subfield>
    <subfield code="j">.i13153390</subfield>
    <subfield code="l">u0503</subfield>
  </datafield>
  <datafield tag="945" ind1=" " ind2=" ">
    <subfield code="f">J</subfield>
    <subfield code="a">909:T11tA:v.11-13:c.1</subfield>
    <subfield code="i">01048935</subfield>
    <subfield code="j">.i13153407</subfield>
    <subfield code="l">u0503</subfield>
  </datafield>
  <datafield tag="945" ind1=" " ind2=" ">
    <subfield code="f">J</subfield>
    <subfield code="a">909:T11tA:v.11-13:c.2</subfield>
    <subfield code="i">01048936</subfield>
    <subfield code="j">.i13153419</subfield>
    <subfield code="l">u0503</subfield>
  </datafield>
  <datafield tag="945" ind1=" " ind2=" ">
    <subfield code="f">J</subfield>
    <subfield code="a">909:T11tA:v.11-13:c.3</subfield>
    <subfield code="i">00289532</subfield>
    <subfield code="j">.i13153420</subfield>
    <subfield code="l">u0503</subfield>
  </datafield>
  <datafield tag="998" ind1=" " ind2=" ">
    <subfield code="a">u05</subfield>
    <subfield code="b">97-09-04</subfield>
    <subfield code="c">m</subfield>
    <subfield code="d">a</subfield>
    <subfield code="e">-</subfield>
    <subfield code="f">ara</subfield>
    <subfield code="g">ua </subfield>
    <subfield code="h">0</subfield>
    <subfield code="i">16</subfield>
  </datafield>
</record>
</collection>
